<?xml version="1.0" encoding="UTF-8"?><collection xmlns="http://www.loc.gov/MARC21/slim"><record><leader>00508nam--2200193-i-4500</leader><controlfield tag="001">000028168</controlfield><controlfield tag="002">20161230</controlfield><controlfield tag="005">20161230201037</controlfield><controlfield tag="008">060222s1000------------r-----000-0-eng-d</controlfield><datafield ind1=" " ind2=" " tag="020"><subfield code="a">0198515162</subfield></datafield><datafield ind1=" " ind2=" " tag="040"><subfield code="a">IFIN-HH</subfield></datafield><datafield ind1=" " ind2=" " tag="080"><subfield code="a">539.142.2</subfield></datafield><datafield ind1="1" ind2=" " tag="100"><subfield code="a">Lawson, R.D</subfield></datafield><datafield ind1="1" ind2="0" tag="245"><subfield code="a">Theory of the nuclear shell model</subfield><subfield code="c">R.d. lawson</subfield></datafield><datafield ind1=" " ind2=" " tag="260"><subfield code="a">Oxford</subfield><subfield code="b">Clarendon Press</subfield><subfield code="c">1980</subfield></datafield><datafield ind1=" " ind2=" " tag="300"><subfield code="a">XII + 534P</subfield></datafield><datafield ind1=" " ind2=" " tag="490"><subfield code="a">Oxford Studies In Nuclear Physics</subfield></datafield><datafield ind1=" " ind2=" " tag="852"><subfield code="a">49246</subfield><subfield code="c">539.14</subfield></datafield><datafield ind1=" " ind2=" " tag="CAT"><subfield code="a">Sys</subfield><subfield code="c">20141021</subfield><subfield code="h">175707</subfield></datafield></record></collection>